<?xml version="1.0" encoding="UTF-8"?><collection xmlns="http://www.loc.gov/MARC21/slim"><record><leader>00530nam--2200181-i-4500</leader><controlfield tag="001">000020883</controlfield><controlfield tag="002">20161230</controlfield><controlfield tag="005">20170221235139</controlfield><controlfield tag="008">060222s1000------------r-----000-0-eng-d</controlfield><datafield ind1=" " ind2=" " tag="020"><subfield code="a">981-02-1</subfield></datafield><datafield ind1=" " ind2=" " tag="040"><subfield code="a">IFIN-HH</subfield></datafield><datafield ind1=" " ind2=" " tag="080"><subfield code="a">530.145.61(061.3)</subfield></datafield><datafield ind1=" " ind2=" " tag="100"><subfield code="a">Veiga, Hugo Beir©Đo da</subfield></datafield><datafield ind1=" " ind2=" " tag="245"><subfield code="a">Qualitative aspects and applications of nonlinear evolution equations</subfield><subfield code="c">H. Beirao Da Veiga ed</subfield></datafield><datafield ind1=" " ind2=" " tag="260"><subfield code="a">Singapore</subfield><subfield code="b">World Scientific Publishing</subfield><subfield code="c">1994</subfield></datafield><datafield ind1=" " ind2=" " tag="300"><subfield code="a">215 p</subfield></datafield><datafield ind1=" " ind2=" " tag="852"><subfield code="a">80220</subfield><subfield code="c">517.9</subfield></datafield><datafield ind1=" " ind2=" " tag="CAT"><subfield code="a">SYS</subfield><subfield code="c">20170221</subfield><subfield code="h">235139</subfield></datafield></record></collection>